@STANDARD {ieee_quality,
    author       = "IEEE",
    title        = "IEEE Standard for a Software Quality Metrics Methodology",
    organization = "IEEE-SA Standards Board",
    institution  = "American National Standards Institute",
    language     = "English",
    year         = "1998",
    month        = "dec"
}

@incollection{washizaki2007framework,
  title={A framework for measuring and evaluating program source code quality},
  author={Washizaki, Hironori and Namiki, Rieko and Fukuoka, Tomoyuki and Harada, Yoko and Watanabe, Hiroyuki},
  booktitle={Product-Focused Software Process Improvement},
  pages={284--299},
  year={2007},
  publisher={Springer}
}

@article{chidamber1994metrics,
  title={A metrics suite for object oriented design},
  author={Chidamber, Shyam R and Kemerer, Chris F},
  journal={Software Engineering, IEEE Transactions on},
  volume={20},
  number={6},
  pages={476--493},
  year={1994},
  publisher={IEEE}
}

@article{harrison1998evaluation,
  title={An evaluation of the MOOD set of object-oriented software metrics},
  author={Harrison, Rachel and Counsell, Steve J and Nithi, Reuben V},
  journal={Software Engineering, IEEE Transactions on},
  volume={24},
  number={6},
  pages={491--496},
  year={1998},
  publisher={IEEE}
}

@article{de2015classifying,
  title={Classifying metrics for assessing Object-Oriented Software Maintainability: A family of metricsâ€™ catalogs},
  author={de AG Saraiva, Juliana and de Fran{\c{c}}a, Micael S and Soares, S{\'e}rgio CB and Fernando Filho, JCL and de Souza, Renata MCR},
  journal={Journal of Systems and Software},
  volume={103},
  pages={85--101},
  year={2015},
  publisher={Elsevier}
}

@article{basili1984methodology,
  title={A methodology for collecting valid software engineering data},
  author={Basili, Victor R and Weiss, David M},
  journal={Software Engineering, IEEE Transactions on},
  number={6},
  pages={728--738},
  year={1984},
  publisher={IEEE}
}

@article{yi1994goal,
  title={GOAL QUESTION METRIC PARADIGM},
  author={YI, H Dieter Rombalch},
  year={1994}
}

@article{vessey1984research,
  title={Research on structured programming: An empiricist's evaluation},
  author={Vessey, Iris and Weber, Ron},
  journal={Software Engineering, IEEE Transactions on},
  number={4},
  pages={397--407},
  year={1984},
  publisher={IEEE}
}

@article{kemerer1993reliability,
  title={Reliability of function points measurement: a field experiment},
  author={Kemerer, Chris F},
  journal={Communications of the ACM},
  volume={36},
  number={2},
  pages={85--97},
  year={1993},
  publisher={ACM}
}

@ONLINE {mitchellanicas2015,
    author = "Mitchell Anicas",
    title  = "How To Create a High Availability Setup with Heartbeat and Floating IPs on Ubuntu 14.04",
    month  = "oct",
    year   = "2015",
    url    = "https://www.digitalocean.com/community/tutorials/how-to-create-a-high-availability-setup-with-heartbeat-and-floating-ips-on-ubuntu-14-04",
    note   = "Retrieved March 20, 2016, from \url{https://www.digitalocean.com/community/tutorials/how-to-create-a-high-availability-setup-with-heartbeat-and-}\\\url{floating-ips-on-ubuntu-14-04}"
}

@ONLINE {milesward2016,
    author = "Miles Ward",
    title  = "Happy New Year from Google Cloud Platform - still the price/performance leader in public cloud!",
    month  = "jan",
    year   = "2016",
    url    = "http://googlecloudplatform.blogspot.sg/2016/01/Happy-New-Year-from-Google-Cloud-Platform-still-the-price-performance-leader-in-public-cloudom-google-cloud.html",
    note   = "Retrieved March 20, 2016, from \url{http://googlecloudplatform.blogspot.sg/2016/01/Happy-New-Year-from-Google-Cloud-Platform-still-the-price-}\\\url{performance-leader-in-public-cloudom-google-cloud.html}"
}

@ONLINE {martinfowler2014,
    author = "Martin Fowler",
    title  = "Microservices",
    month  = "mar",
    year   = "2014",
    url    = "http://martinfowler.com/articles/microservices.html",
    note   = "Retrieved March 20, 2016, from \url{http://martinfowler.com/articles/microservices.html}"
}

@ONLINE {martinfowler2015,
    author = "Martin Fowler",
    title  = "Microservice Trade-Offs",
    month  = "jan",
    year   = "2015",
    url    = "http://martinfowler.com/articles/microservice-trade-offs.html",
    note   = "Retrieved March 20, 2016, from \url{http://martinfowler.com/articles/microservice-trade-offs.html}"
}

@book{parr2013definitive,
  title={The Definitive ANTLR 4 Reference},
  author={Parr, T.},
  isbn={9781934356999},
  lccn={2014469632},
  series={Oreilly and Associate Series},
  url={https://books.google.com.sg/books?id=SBXuLwEACAAJ},
  year={2013},
  publisher={Pragmatic Bookshelf}
}

@inproceedings{saff2005continuous,
  title={Continuous testing in Eclipse},
  author={Saff, David and Ernst, Michael D},
  booktitle={Proceedings of the 27th international conference on Software engineering},
  pages={668--669},
  year={2005},
  organization={ACM}
}

@article{prechelt2000empirical,
  title={An empirical comparison of seven programming languages},
  author={Prechelt, Lutz},
  journal={Computer},
  volume={33},
  number={10},
  pages={23--29},
  year={2000},
  publisher={IEEE}
}

@ONLINE {mugurmarculescu2015,
    author = "Mugur Marculescu",
    title  = "gRPC releases Beta, opening door for use in production environments",
    month  = "oct",
    year   = "2015",
    url    = "http://www.grpc.io/posts/beta_release",
    note   = "Retrieved March 20, 2016, from \url{http://www.grpc.io/posts/beta_release}"
}

@inproceedings{mesbah2007migrating,
  title={Migrating multi-page web applications to single-page Ajax interfaces},
  author={Mesbah, Ali and Van Deursen, Arie},
  booktitle={Software Maintenance and Reengineering, 2007. CSMR'07. 11th European Conference on},
  pages={181--190},
  year={2007},
  organization={IEEE}
}

@article{mikowski2013single,
  title={Single Page Web Applications},
  author={Mikowski, Michael S and Powell, Josh C},
  journal={B and W},
  year={2013}
}

@ONLINE {billfisherjingchen2014,
    author = "Bill Fisher, Jing Chen",
    title  = "Flux: An Application Architecture for React",
    month  = "may",
    year   = "2014",
    url    = "http://facebook.github.io/react/blog/2014/05/06/flux.html",
    note   = "Retrieved March 20, 2016, from \url{http://facebook.github.io/react/blog/2014/05/06/flux.html}"
}

@ONLINE {jingchen2014,
    author = "Jing Chen",
    title  = "Flux Overview",
    month  = "may",
    year   = "2014",
    url    = "https://facebook.github.io/flux/docs/overview.html",
    note   = "Retrieved March 20, 2016, from \url{https://facebook.github.io/flux/docs/overview.html}",
}

@incollection{heinrich2011websoda,
  title={WebSoDa: a tailored data binding framework for web programmers leveraging the WebSocket protocol and HTML5 Microdata},
  author={Heinrich, Matthias and Gaedke, Martin},
  booktitle={Web Engineering},
  pages={387--390},
  year={2011},
  publisher={Springer}
}

@inproceedings{cavano1978framework,
  title={A framework for the measurement of software quality},
  author={Cavano, Joseph P and McCall, James A},
  booktitle={ACM SIGMETRICS Performance Evaluation Review},
  volume={7},
  number={3-4},
  pages={133--139},
  year={1978},
  organization={ACM}
}

@article{baggen2012standardized,
  title={Standardized code quality benchmarking for improving software maintainability},
  author={Baggen, Robert and Correia, Jos{\'e} Pedro and Schill, Katrin and Visser, Joost},
  journal={Software Quality Journal},
  volume={20},
  number={2},
  pages={287--307},
  year={2012},
  publisher={Springer}
}

@inproceedings{tjoa2015open,
  title={An Open Source Code Analyzer and Reviewer (OSCAR) Framework},
  author={Tjoa, Simon and Kochberger, Patrick and Malin, Christoph and Schmoll, Andreas},
  booktitle={Availability, Reliability and Security (ARES), 2015 10th International Conference on},
  pages={511--515},
  year={2015},
  organization={IEEE}
}